@BOOK
{mittelbach2004,
title = {The {{\LaTeX}} Companion},
publisher = {Addison-Wesley},
year = {2004},
author = {Frank Mittelbach and Michel Goossens},
series = {Tools and Techniques for Computer Typesetting},
address = {Boston},
edtion = {Second}
}

@article{欧锶苡2020手机游戏的营销策略分析——以《明日方舟》为例,
	title={手机游戏的营销策略分析——以《明日方舟》为例},
	author={欧锶苡,许必芳},
	journal={老字号品牌营销},
	number={12},
	pages={2},
	year={2020},
}

@article{徐伟20177,
	title={7自由度冗余绳驱动机械臂运动分析及仿真},
	author={徐伟 and 陈柏 and 李彬彬 and 华达人 and 王尧尧},
	journal={机电工程},
	volume={34},
	number={10},
	pages={6},
	year={2017},
}